@String{lncs = {Lecture Notes in Computer Science}}
@String{procecoop = {Proceedings of the European Conference on
    Object-Oriented Programming ({ECOOP})}}

@Book{lamport-1994-ladps,
    author =	{Lamport, Leslie},
    title =	{\LaTeX: A Document Preparation System},
    booktitle =	{\LaTeX: A Document Preparation System},
    year =	1994,
    edition =	2,
    publisher =	{Addison-Wesley},
    isbn =	0201529831,
}

@Book{bringhurst-2002-teots,
    author =	{Bringhurst, Robert},
    title =	{The Elements of Typographic Style},
    booktitle =	{The Elements of Typographic Style},
    year =	2002,
    edition =	{2.5},
    publisher =	{Hartley \& Marks},
    isbn =	0881791326,
}

@InProceedings{kiczales-1997-aop,
    author =    {Kiczales, Gregor and Lamping, John and
		    Mendhekar, Anurag and Maeda, Chris and
		    Lopes, Cristina and Loingtier, Jean-Marc
		    and Irwin, John},
    title =     {Aspect-Oriented Programming},
    booktitle = procecoop,
    year =	1997,
    series =    lncs,
    volume =    2591,
    pages =     {220--242},
    keywords =  {aop, aspect-oriented programming},
    online =	{http://www.parc.xerox.com/csl/groups/sda/pubs/papers/Kiczal
es-ECOOP97/for-web.pdf},
}



@article{Crawford:2011ir,
author = {Crawford, Ben R and Grimmond, C Sue B and Christen, Andreas},
title = {{Five years of carbon dioxide fluxes measurements in a highly vegetated suburban area}},
journal = {Atmospheric Environment},
year = {2011},
volume = {45},
number = {4},
pages = {896--905},
month = feb
}

@article{Lietzke:2011wd,
author = {Lietzke, Bj{\"o}rn},
title = {{Dynamik der urbanen $\rm{CO}_2$-Verteilung / Teil 1: Messungen in einer Strassenschlucht}},
journal = {Regio Basiliensis - Basler Zeitschrift f{\"u}r Geographie},
year = {2011},
volume = {51},
number = {1},
pages = {37.44},
month = jan
}

@article{Gartmann:2011uz,
author = {Gartmann, Andres},
title = {{Dynamik der urbanen CO$_{2-}$ Verteilung / Teil 2: CFD-Simulationen in einer Strassenschlucht}},
journal = {Regio Basiliensis - Basler Zeitschrift f{\"u}r Geographie},
year = {2011},
volume = {52},
number = {1},
pages = {45--53},
month = jan
}

@article{Christen:2011gu,
author = {Christen, Andreas and Coops, Nicholas C and Crawford, Ben R and Kellett, R and Liss, Kate N and Olchovski, I and Tooke, Thoreau R and van der Laan, M and Voogt, James A},
title = {{Validation of modeled carbon-dioxide emissions from an urban neighborhood with direct eddy-covariance measurements}},
journal = {Atmospheric Environment},
year = {2011},
volume = {45},
number = {33},
pages = {6057--6069}
}

@article{Velasco:2010tg,
author = {Velasco, Erik and Roth, Matthias},
title = {{Cities as Net Sources of $\rm{CO}_2$: Review of Atmospheric $\rm{CO}_2$ Exchange in Urban Environments Measured by Eddy Covariance Technique}},
journal = {Geography Compass},
year = {2010},
volume = {4},
number = {9},
pages = {1238{\textendash}1259},
month = aug
}

@article{kern2008governing,
  title={Governing climate change in cities: modes of urban climate governance in multi-level systems},
  author={Kern, Kristine and Alber, Gotelind and Energy, Sustainable and Policy, Climate},
  journal={Competitive Cities and Climate Change},
  volume={171},
  year={2008}
}
